<record><leader>00000cas a2200000 a 4500</leader><controlfield tag="001">11741621</controlfield><controlfield tag="008">850227d19691992iludn ne      0   a0eng c</controlfield><datafield ind1=" " ind2=" " tag="010"><subfield code="a">sn 85008179 </subfield></datafield><datafield ind1=" " ind2=" " tag="040"><subfield code="a">NSD</subfield><subfield code="b">eng</subfield><subfield code="c">NSD</subfield><subfield code="d">NVF</subfield><subfield code="d">OCLCQ</subfield><subfield code="d">OCLCF</subfield><subfield code="d">NVF</subfield><subfield code="d">DLC</subfield><subfield code="d">OCLCO</subfield></datafield><datafield ind1="1" ind2=" " tag="022"><subfield code="a">8750-7552</subfield><subfield code="l">8750-7552</subfield><subfield code="2">1</subfield></datafield><datafield ind1="1" ind2=" " tag="029"><subfield code="a">AU@</subfield><subfield code="b">000020351299</subfield></datafield><datafield ind1=" " ind2=" " tag="042"><subfield code="a">nsdp</subfield><subfield code="a">pcc</subfield></datafield><datafield ind1=" " ind2=" " tag="043"><subfield code="a">n-us-il</subfield></datafield><datafield ind1="0" ind2=" " tag="130"><subfield code="a">Daily dispatch (Moline, Ill.)</subfield></datafield><datafield ind1=" " ind2="4" tag="222"><subfield code="a">The daily dispatch</subfield><subfield code="b">(Moline, Ill.)</subfield></datafield><datafield ind1="1" ind2="4" tag="245"><subfield code="a">The daily dispatch.</subfield></datafield><datafield ind1="1" ind2=" " tag="246"><subfield code="i">Published on Sundays as:</subfield><subfield code="a">Sunday dispatch</subfield><subfield code="f">Mar. 14, 1976-1992</subfield></datafield><datafield ind1=" " ind2=" " tag="260"><subfield code="a">Moline, Ill. :</subfield><subfield code="b">Moline Dispatch Pub. Co.,</subfield><subfield code="c">1969-1992.</subfield></datafield><datafield ind1=" " ind2=" " tag="310"><subfield code="a">Daily (except holidays),</subfield><subfield code="b">Mar. 14, 1976-July 19, 1992</subfield></datafield><datafield ind1=" " ind2=" " tag="321"><subfield code="a">Daily (except Sunday),</subfield><subfield code="b">Feb. 24, 1969-Mar. 13, 1976</subfield></datafield><datafield ind1="0" ind2=" " tag="362"><subfield code="a">91st year, no. 178 (Feb. 24, 1969)-114th year, no. 349 (July 19, 1992).</subfield></datafield><datafield ind1=" " ind2=" " tag="515"><subfield code="a">Continues the numbering of Moline daily dispatch.</subfield></datafield><datafield ind1=" " ind2=" " tag="580"><subfield code="a">Other daily ed.: Argus (Rock Island, Ill. : 1971), 1971-&lt;1985&gt;.</subfield></datafield><datafield ind1=" " ind2="0" tag="651"><subfield code="a">Moline (Ill.)</subfield><subfield code="v">Newspapers.</subfield></datafield><datafield ind1=" " ind2="0" tag="651"><subfield code="a">Rock Island (Ill.)</subfield><subfield code="v">Newspapers.</subfield></datafield><datafield ind1=" " ind2="7" tag="651"><subfield code="a">Illinois</subfield><subfield code="z">Moline.</subfield><subfield code="2">fast</subfield><subfield code="0">(OCoLC)fst01210118</subfield></datafield><datafield ind1=" " ind2="7" tag="651"><subfield code="a">Illinois</subfield><subfield code="z">Rock Island.</subfield><subfield code="2">fast</subfield><subfield code="0">(OCoLC)fst01206059</subfield></datafield><datafield ind1=" " ind2="7" tag="655"><subfield code="a">Newspapers.</subfield><subfield code="2">fast</subfield><subfield code="0">(OCoLC)fst01423814</subfield></datafield><datafield ind1=" " ind2=" " tag="752"><subfield code="a">United States</subfield><subfield code="b">Illinois</subfield><subfield code="c">Rock Island</subfield><subfield code="d">Moline.</subfield></datafield><datafield ind1="0" ind2=" " tag="775"><subfield code="t">MidWeek (Moline, Ill.)</subfield></datafield><datafield ind1="1" ind2=" " tag="775"><subfield code="t">Argus (Rock Island, Ill. : 1971)</subfield><subfield code="w">(DLC)sn 92053946</subfield><subfield code="w">(OCoLC)26847197</subfield></datafield><datafield ind1="0" ind2="0" tag="780"><subfield code="t">Moline daily dispatch</subfield><subfield code="w">(DLC)sn 82015688</subfield><subfield code="w">(OCoLC)8836445</subfield></datafield><datafield ind1="0" ind2="0" tag="785"><subfield code="t">Dispatch (Moline, Ill.)</subfield><subfield code="x">1064-9220</subfield><subfield code="w">(DLC)sn 92005200</subfield><subfield code="w">(OCoLC)26460418</subfield></datafield></record>